@book{Tung1985,
  place     = {Singapore u.a},
  title     = {Group theory in physics. 1, Hauptbd.},
  publisher = {World Scientific},
  author    = {Tung, Wu-Ki and Aivazis, Michael},
  year      = {1985}
} 

@book{Barone2004,
  place     = {Torino},
  title     = {Relativita': Principi e applicazioni},
  publisher = {Bollati Boringhieri},
  author    = {Barone, Vincenzo},
  year      = {2004}
} 

@unpublished{Zucchini,
  author = {Roberto Zucchini},
  note = {University of Bologna},
  title = {Group Theory: Lecture Notes},
  year = {2024}
}

@unpublished{Ling,
  author = {Ling Lin},
  note   = {University of Bologna, Relativistic quantum mechanics - Module 2},
  title  = {Spacetime Symmetries and their Representations},
  year   = {2023}
}